@article{mcculloch1943logical,
  title={A logical calculus of the ideas immanent in nervous activity},
  author={McCulloch, Warren S and Pitts, Walter},
  journal={The bulletin of mathematical biophysics},
  volume={5},
  number={4},
  pages={115--133},
  year={1943},
  publisher={Springer}
}
@article{smith_.i._2021,
	chapter = {Technology},
	title = {A.{I}. {Here}, {There}, {Everywhere}},
	issn = {0362-4331},
	url = {https://www.nytimes.com/2021/02/23/technology/ai-innovation-privacy-seniors-education.html},
	abstract = {Many of us already live with artificial intelligence now, but researchers say interactions with the technology will become increasingly personalized.},
	language = {en-US},
	urldate = {2022-03-23},
	journal = {The New York Times},
	author = {Smith, Craig S.},
	month = feb,
	year = {2021},
	keywords = {Artificial Intelligence, Research, Privacy, Elderly, Education (K-12), Home Automation and Smart Homes},
}

@misc{marr_10_nodate,
chapter = {Technology},
	title = {The 10 {Best} {Examples} {Of} {How} {AI} {Is} {Already} {Used} {In} {Our} {Everyday} {Life}},
	url = {https://www.forbes.com/sites/bernardmarr/2019/12/16/the-10-best-examples-of-how-ai-is-already-used-in-our-everyday-life/},
	abstract = {Every single one of us encounters artificial intelligence multiple times each day. Even if we aren’t aware of it, artificial intelligence is at work, often behind the scenes, as we go about our everyday lives.},
	language = {en-US},
	urldate = {2022-03-23},
	journal = {Forbes},
  month = dec,
  year = {2019},
	author = {Marr, Bernard},
  keywords = {Artificial Intelligence, every day life}
}

@article{makridakis2017forthcoming,
  title={The forthcoming Artificial Intelligence (AI) revolution: Its impact on society and firms},
  author={Makridakis, Spyros},
  journal={Futures},
  volume={90},
  pages={46--60},
  year={2017},
  publisher={Elsevier}
}

@article{wamba2020influence,
  title={Influence of artificial intelligence (AI) on firm performance: the business value of AI-based transformation projects},
  author={Wamba-Taguimdje, Serge-Lopez and Wamba, Samuel Fosso and Kamdjoug, Jean Robert Kala and Wanko, Chris Emmanuel Tchatchouang},
  journal={Business Process Management Journal},
  year={2020},
  publisher={Emerald Publishing Limited}
}
@article{hawksworth2018will,
  title={Will robots really steal our jobs? An international analysis of the potential long term impact of automation},
  author={Hawksworth, John and Berriman, Richard and Goel, Saloni},
  journal={PricewaterhouseCoopers, http://pwc. co. uk/economics, access},
  volume={13},
  year={2018}
}
@report{world2020future,
  title={The future of jobs report 2020},
  author={World Economic Forum},
  keywords = {Economic conditions, Education and training needs, Human capital, Economic recession, Social aspects, Skill needs, Skill development, Skill upgrading, Online learning, Displaced worker, Future, Employment creation},
  year={2020},
  organization={World Economic Forum Geneva, Switzerland}
}
@article{gomez2015netflix,
  title={The netflix recommender system: Algorithms, business value, and innovation},
  author={Gomez-Uribe, Carlos A and Hunt, Neil},
  journal={ACM Transactions on Management Information Systems (TMIS)},
  volume={6},
  number={4},
  pages={1--19},
  year={2015},
  publisher={ACM New York, NY, USA}
}
@article{fernandez2021analysing,
  title={Analysing the Effect of Recommendation Algorithms on the Amplification of Misinformation},
  author={Fern{\'a}ndez, Miriam and Bellog{\'\i}n, Alejandro and Cantador, Iv{\'a}n},
  journal={arXiv preprint arXiv:2103.14748},
  year={2021}
}
@article{tai2020impact,
  title={The impact of artificial intelligence on human society and bioethics},
  author={Tai, Michael Cheng-Tek},
  journal={Tzu-Chi Medical Journal},
  volume={32},
  number={4},
  pages={339},
  year={2020},
  publisher={Wolters Kluwer--Medknow Publications}
}
@article{senior2020improved,
  title={Improved protein structure prediction using potentials from deep learning},
  author={Senior, Andrew W and Evans, Richard and Jumper, John and Kirkpatrick, James and Sifre, Laurent and Green, Tim and Qin, Chongli and {\v{Z}}{\'\i}dek, Augustin and Nelson, Alexander WR and Bridgland, Alex and others},
  journal={Nature},
  volume={577},
  number={7792},
  pages={706--710},
  year={2020},
  publisher={Nature Publishing Group}
}
@article{panch2019inconvenient,
  title={The “inconvenient truth” about AI in healthcare},
  author={Panch, Trishan and Mattie, Heather and Celi, Leo Anthony},
  journal={NPJ digital medicine},
  volume={2},
  number={1},
  pages={1--3},
  year={2019},
  publisher={Nature Publishing Group}
}
@article{rajkomar2019machine,
  title={Machine learning in medicine},
  author={Rajkomar, Alvin and Dean, Jeffrey and Kohane, Isaac},
  journal={New England Journal of Medicine},
  volume={380},
  number={14},
  pages={1347--1358},
  year={2019},
  publisher={Mass Medical Soc}
}
@misc{bajema_ais_2022,
author = {Bajema, Natasha},
	title = {{AI}’s 6 {Worst}-{Case} {Scenarios}},
	url = {https://spectrum.ieee.org/ai-worst-case-scenarios},
	abstract = {In interviews with AI experts, IEEE Spectrum has uncovered six real-world AI worst-case scenarios that are far more mundane than those sci-fi robot apocalypses depicted in the movies. But they’re no less dystopian. And most don’t require a malevolent dictator to bring them to full fruition.},
	language = {en},
	urldate = {2022-03-28},
	journal = {IEEE Spectrum},
	month = jan,
	year = {2022},
}
@article{mitchell2021ai,
  title={Why AI is harder than we think},
  author={Mitchell, Melanie},
  journal={arXiv preprint arXiv:2104.12871},
  year={2021}
}
@misc{VonderLeyen2019,
abstract = {Press remarks by President von der Leyen on the Commission's new strategy: Shaping Europe's Digital Future Brussels, 19 February 2020},
author = {von der Leyen, Ursula},
booktitle = {Press Remarks},
title = {{President von der Leyen on the Commission's new strategy: Shaping Europe's Digital Future}},
url = {https://ec.europa.eu/commission/presscorner/detail/en/speech_20_294},
year = {2019}
}
@misc{europeancomissionai2021,
	title = {A {European} approach to artificial intelligence {\textbar} {Shaping} {Europe}’s digital future},
  author = {{European Comission}},
	url = {https://digital-strategy.ec.europa.eu/en/policies/european-approach-artificial-intelligence},
	abstract = {The EU’s approach to artificial intelligence centres on excellence and trust, aiming to boost research and industrial capacity and ensure fundamental rights.},
	language = {en},
	urldate = {2022-03-28},
  year = {2021}
}
@book{mayor2020gods,
  title={Gods and robots: myths, machines, and ancient dreams of technology},
  author={Mayor, Adrienne},
  year={2020},
  publisher={Princeton University Press}
}

@article{tooby1987reconstruction,
  title={The reconstruction of hominid behavioral evolution through strategic modeling},
  author={Tooby, John and DeVore, Irven},
  journal={The evolution of human behavior: Primate models},
  pages={183--237},
  year={1987}
}

@article{pinker2010cognitiveniche,
author = {Steven Pinker },
title = {The cognitive niche: Coevolution of intelligence, sociality, and language},
journal = {Proceedings of the National Academy of Sciences},
volume = {107},
number = {supplement\_2},
pages = {8993-8999},
year = {2010},
doi = {10.1073/pnas.0914630107},
URL = {https://www.pnas.org/doi/abs/10.1073/pnas.0914630107},
eprint = {https://www.pnas.org/doi/pdf/10.1073/pnas.0914630107}
}

@book{avise2010light,
  title={In the Light of Evolution: Volume IV: The Human Condition},
  author={Avise, John C and Ayala, Francisco J},
  year={2010},
  publisher={National Academies Press}
}
@book{russell2020artificial,
  title={Artificial intelligence: a modern approach},
  author={Russell, Stuart and Norvig, Peter},
  publisher = {Pearson},
  year={2020}
}
@book{hebb1949organization,
  title={The organization of behavior; a neuropsychological theory.},
  author={Hebb, DO},
  year={1949},
  publisher={Wiley}
}
@misc{akst_2019, 
  title={Machine, learning, 1951}, 
  url={https://www.the-scientist.com/foundations/machine--learning--1951-65792}, 
  journal={The Scientist Magazine®}, 
  author={Akst, Jef}, 
  year={2019}, 
  month={May}
 } 
 @book{lee1995computer,
  title={Computer pioneers},
  author={Lee, John AN},
  year={1995},
  publisher={IEEE Computer Society Press}
}
@article{TURING/10.1093/mind/LIX.236.433,
    author = {TURING, A. M.},
    title = "{I.—COMPUTING MACHINERY AND INTELLIGENCE}",
    journal = {Mind},
    volume = {LIX},
    number = {236},
    pages = {433-460},
    year = {1950},
    month = {10},
    issn = {0026-4423},
    doi = {10.1093/mind/LIX.236.433},
    url = {https://doi.org/10.1093/mind/LIX.236.433},
    eprint = {https://academic.oup.com/mind/article-pdf/LIX/236/433/30123314/lix-236-433.pdf},
}
@misc{turing1948intelligent,
  title={Intelligent machinery},
  author={Turing, Alan Mathison},
  year={1948},
  publisher={NPL. Mathematics Division}
}
@article{muehlenbein2014artificial,
  title={Artificial intelligence and neural networks the legacy of Alan Turing and John von Neumann},
  author={Muehlenbein, Heinz},
  journal={Int J Comput},
  volume={5},
  number={3},
  pages={10--20},
  year={2014},
  publisher={Citeseer}
}

@inproceedings{McCarthy1960ProgramsWC,
  booktitle={Proceedings of the Teddington Conference on the Mechanization of Thought Processes},
  title={Programs with common sense},
  author={John McCarthy},
  year={1960},
  publisher={RLE and MIT computation center Cambridge, MA, USA}
}

@article{Slagle/10.1145/321186.321193,
author = {Slagle, James R.},
title = {A Heuristic Program That Solves Symbolic Integration Problems in Freshman Calculus},
year = {1963},
issue_date = {Oct. 1963},
publisher = {Association for Computing Machinery},
address = {New York, NY, USA},
volume = {10},
number = {4},
issn = {0004-5411},
url = {https://doi.org/10.1145/321186.321193},
doi = {10.1145/321186.321193},
journal = {J. ACM},
month = {oct},
pages = {507–520},
numpages = {14}
}
@article{slaney2001blocks,
  title={Blocks world revisited},
  author={Slaney, John and Thi{\'e}baux, Sylvie},
  journal={Artificial Intelligence},
  volume={125},
  number={1-2},
  pages={119--153},
  year={2001},
  publisher={Elsevier}
}
@book{haykin2009neural,
  added-at = {2017-03-18T17:31:57.000+0100},
  address = {Upper Saddle River, NJ},
  author = {Haykin, Simon S.},
  biburl = {https://www.bibsonomy.org/bibtex/2e5015812328aaeccd73d8b03a7e36831/vngudivada},
  edition = {Third},
  interhash = {4cef19efafc52ae42607f9832a205214},
  intrahash = {e5015812328aaeccd73d8b03a7e36831},
  keywords = {Book Learning NeuralNetwork},
  publisher = {Pearson Education},
  timestamp = {2019-03-25T17:09:32.000+0100},
  title = {Neural networks and learning machines},
  year = {2009}
}
@article{rosenblatt1958perceptron,
  title={The perceptron: a probabilistic model for information storage and organization in the brain.},
  author={Rosenblatt, Frank},
  journal={Psychological review},
  volume={65},
  number={6},
  pages={386},
  year={1958},
  publisher={American Psychological Association}
}
 @misc{vinhas_2021, 
 title={Adaline neural networks: The origin of Gradient Descent}, 
 url={https://towardsdatascience.com/adaline-neural-networks-the-origin-of-gradient-descent-783ed05d7c18}, 
 journal={Medium}, 
 publisher={Towards Data Science}, 
 author={Vinhas, Adriano}, 
 year={2021}, 
 month={Mar}
 } 
  
@book{goodfellow2016deep,
  title={Deep learning},
  author={Goodfellow, Ian and Bengio, Yoshua and Courville, Aaron},
  year={2016},
  publisher={MIT press}
}
@book{todd1992introduction,
  title={An introduction to expert systems},
  author={Todd, Bryan S},
  year={1992},
  publisher={Oxford University Computing Laboratory, Programming Research Group}
}
@article{bell1985expert,
  title={Why expert systems fail},
  author={Bell, Michael Z},
  journal={Journal of the Operational Research Society},
  volume={36},
  number={7},
  pages={613--619},
  year={1985},
  publisher={Taylor \& Francis}
}
@book{rumelhart1988parallel,
  title={Parallel distributed processing},
  author={Rumelhart, David E and McClelland, James L and PDP Research Group and others},
  volume={1},
  year={1988},
  publisher={IEEE New York}
}
 @misc{singh_2019, 
 title={Rise and fall of Symbolic Ai},
  url={https://towardsdatascience.com/rise-and-fall-of-symbolic-ai-6b7abd2420f2},
  journal={Medium},
  publisher={Towards Data Science},
  author={Singh, Ranjeet},
  year={2019},
  month={Sep}
  } 
  @misc{connectionism,
    author       = {Edward N. Zalta},
    title        = {The Stanford Encyclopedia of Philosophy},
    year         = {2019},
    url          = {https://plato.stanford.edu/},
    publisher    = {The Metaphysics Research Lab, Philosophy Department, Stanford University, Stanford, CA 94305-4115},
    issn         = {1095-5054}
  }
  @article{hinton2006fast,
    title={A fast learning algorithm for deep belief nets},
    author={Hinton, Geoffrey E and Osindero, Simon and Teh, Yee-Whye},
    journal={Neural computation},
    volume={18},
    number={7},
    pages={1527--1554},
    year={2006},
    publisher={MIT Press One Rogers Street, Cambridge, MA 02142-1209, USA journals-info~…}
  }

  @article{krizhevsky2012imagenet,
    title={Imagenet classification with deep convolutional neural networks},
    author={Krizhevsky, Alex and Sutskever, Ilya and Hinton, Geoffrey E},
    journal={Advances in neural information processing systems},
    volume={25},
    year={2012}
  }

   @misc{benaich_hogarth_2021, 
   title={State of AI report 2021}, 
   url={https://www.stateof.ai/}, 
   journal={State of AI Report 2021}, 
   publisher={Air Street Capital}, 
   author={Benaich, Nathan and Hogarth, Ian}, 
   year={2021}, 
   month={Oct}
   } 

  @book{beck2014risk,
    title={Risk society},
    author={Beck, Ulrich},
    year={1992},
    publisher={Sage Publications Ltd}
  }

  @misc{mitchell1997machine,
  title={Machine learning},
  author={Mitchell, Tom M and others},
  year={1997},
  publisher={McGraw-hill New York}
}

@book{geron2019hands,
  title={Hands-on machine learning with Scikit-Learn, Keras, and TensorFlow: Concepts, tools, and techniques to build intelligent systems},
  author={G{\'e}ron, Aur{\'e}lien},
  year={2019},
  publisher={" O'Reilly Media, Inc."}
}

@book{bishop2006pattern,
  title={Pattern recognition and machine learning},
  author={Bishop, Christopher M and Nasrabadi, Nasser M},
  volume={4},
  year={2006},
  publisher={Springer}
}

@article{krizhevsky2009learning,
  added-at = {2021-01-21T03:01:11.000+0100},
  author = {Krizhevsky, Alex},
  biburl = {https://www.bibsonomy.org/bibtex/2fe5248afe57647d9c85c50a98a12145c/s364315},
  interhash = {cc2d42f2b7ef6a4e76e47d1a50c8cd86},
  intrahash = {fe5248afe57647d9c85c50a98a12145c},
  keywords = {},
  pages = {32--33},
  timestamp = {2021-01-21T03:01:11.000+0100},
  title = {Learning Multiple Layers of Features from Tiny Images},
  url = {https://www.cs.toronto.edu/~kriz/learning-features-2009-TR.pdf},
  year = 2009,
  publisher={Citeseer}
}

@inproceedings{choromanska2015loss,
  title={The loss surfaces of multilayer networks},
  author={Choromanska, Anna and Henaff, Mikael and Mathieu, Michael and Arous, G{\'e}rard Ben and LeCun, Yann},
  booktitle={Artificial intelligence and statistics},
  pages={192--204},
  year={2015},
  organization={PMLR}
}
@ARTICLE{lenet,
  author={Lecun, Y. and Bottou, L. and Bengio, Y. and Haffner, P.},
  journal={Proceedings of the IEEE}, 
  title={Gradient-based learning applied to document recognition}, 
  year={1998},
  volume={86},
  number={11},
  pages={2278-2324},
  doi={10.1109/5.726791}
  }

@article{hubel1968receptive,
  title={Receptive fields and functional architecture of monkey striate cortex},
  author={Hubel, David H and Wiesel, Torsten N},
  journal={The Journal of physiology},
  volume={195},
  number={1},
  pages={215--243},
  year={1968},
  publisher={Wiley Online Library}
}

@article{hubel1959receptive,
  title={Receptive fields of single neurones in the cat's striate cortex},
  author={Hubel, David H and Wiesel, Torsten N},
  journal={The Journal of physiology},
  volume={148},
  number={3},
  pages={574},
  year={1959},
  publisher={Wiley-Blackwell}
}

@article{hubel1959single,
  title={Single unit activity in striate cortex of unrestrained cats},
  author={Hubel, David H},
  journal={The Journal of physiology},
  volume={147},
  number={2},
  pages={226},
  year={1959},
  publisher={Wiley-Blackwell}
}
@inproceedings{zeiler2014visualizing,
  title={Visualizing and understanding convolutional networks},
  author={Zeiler, Matthew D and Fergus, Rob},
  booktitle={European conference on computer vision},
  pages={818--833},
  year={2014},
  organization={Springer}
}

@article{sabour2017dynamic,
  title={Dynamic routing between capsules},
  author={Sabour, Sara and Frosst, Nicholas and Hinton, Geoffrey E},
  journal={Advances in neural information processing systems},
  volume={30},
  year={2017}
}
@article{kosiorek2019stacked,
  title={Stacked capsule autoencoders},
  author={Kosiorek, Adam and Sabour, Sara and Teh, Yee Whye and Hinton, Geoffrey E},
  journal={Advances in neural information processing systems},
  volume={32},
  year={2019}
}
@inproceedings{hinton2018matrix,
  title={Matrix capsules with EM routing},
  author={Hinton, Geoffrey E and Sabour, Sara and Frosst, Nicholas},
  booktitle={International conference on learning representations},
  year={2018}
}
@article{hinton2021represent_GLOM,
  title={How to represent part-whole hierarchies in a neural network},
  author={Hinton, Geoffrey},
  journal={arXiv preprint arXiv:2102.12627},
  year={2021}
}
@online{youtubeANG,
    title = {Forward and Backward Propagation (C1W4L06)},
    date = {2017},
    organization = {DeepLearningAI},
    author = {Andrew Ng},
    url = {https://youtu.be/qzPQ8cEsVK8?t=305},
}

@online{youtubeHinton,
    title = {Capsule Networks},
    date = {2017},
    organization = {University of Toronto's Lassonde Institute},
    author = {Hinton, Geoffrey E},
    url = {https://youtu.be/qzPQ8cEsVK8?t=305},
}

@misc{transformers_attention_is_all_you_need,
  doi = {10.48550/ARXIV.1706.03762},
  url = {https://arxiv.org/abs/1706.03762},
  author = {Vaswani, Ashish and Shazeer, Noam and Parmar, Niki and Uszkoreit, Jakob and Jones, Llion and Gomez, Aidan N. and Kaiser, Lukasz and Polosukhin, Illia},
  keywords = {Computation and Language (cs.CL), Machine Learning (cs.LG), FOS: Computer and information sciences, FOS: Computer and information sciences},
  title = {Attention Is All You Need},
  publisher = {arXiv},
  year = {2017},
  copyright = {arXiv.org perpetual, non-exclusive license}
}

@article{kohonen1990self,
  title={The self-organizing map},
  author={Kohonen, Teuvo},
  journal={Proceedings of the IEEE},
  volume={78},
  number={9},
  pages={1464--1480},
  year={1990},
  publisher={IEEE}
}

@article{devlin2018bert,
  title={Bert: Pre-training of deep bidirectional transformers for language understanding},
  author={Devlin, Jacob and Chang, Ming-Wei and Lee, Kenton and Toutanova, Kristina},
  journal={arXiv preprint arXiv:1810.04805},
  year={2018}
}

@article{dosovitskiy2020image_is_worth_16,
  title={An image is worth 16x16 words: Transformers for image recognition at scale},
  author={Dosovitskiy, Alexey and Beyer, Lucas and Kolesnikov, Alexander and Weissenborn, Dirk and Zhai, Xiaohua and Unterthiner, Thomas and Dehghani, Mostafa and Minderer, Matthias and Heigold, Georg and Gelly, Sylvain and others},
  journal={arXiv preprint arXiv:2010.11929},
  year={2020}
}

@inproceedings{carion2020_end_to_end_transformers,
  title={End-to-end object detection with transformers},
  author={Carion, Nicolas and Massa, Francisco and Synnaeve, Gabriel and Usunier, Nicolas and Kirillov, Alexander and Zagoruyko, Sergey},
  booktitle={European conference on computer vision},
  pages={213--229},
  year={2020},
  organization={Springer}
}

@techreport{rumelhart1985learning_internal_representations,
  title={Learning internal representations by error propagation},
  author={Rumelhart, David E and Hinton, Geoffrey E and Williams, Ronald J},
  year={1985},
  institution={California Univ San Diego La Jolla Inst for Cognitive Science}
}

@article{hochreiter1997lstm,
  title={Long short-term memory},
  author={Hochreiter, Sepp and Schmidhuber, J{\"u}rgen},
  journal={Neural computation},
  volume={9},
  number={8},
  pages={1735--1780},
  year={1997},
  publisher={MIT Press}
}

@article{bahdanau2014neural_machine_translation_attention_begins,
  title={Neural machine translation by jointly learning to align and translate},
  author={Bahdanau, Dzmitry and Cho, Kyunghyun and Bengio, Yoshua},
  journal={arXiv preprint arXiv:1409.0473},
  year={2014}
}

@incollection{jordan1997serial,
  title={Serial order: A parallel distributed processing approach},
  author={Jordan, Michael I},
  booktitle={Advances in psychology},
  volume={121},
  pages={471--495},
  year={1997},
  publisher={Elsevier}
}

@online{youtubeRNN,
    title = {MIT 6.S191: Recurrent Neural Networks and Transformers},
    date = {2022},
    organization = {Massachusetts Institute of Technology},
    author = {Soleimany, Ava},
    url = {https://www.youtube.com/watch?v=QvkQ1B3FBqA}
}

@online{youtubeRNNleo,
    title = {LSTM is dead. Long Live Transformers!},
    date = {2019},
    organization = {Seattle Applied Deep Learning},
    author = {Dirac, Leo},
    url = {https://www.youtube.com/watch?v=S27pHKBEp30}
}

@article{cho2014properties,
  title={On the properties of neural machine translation: Encoder-decoder approaches},
  author={Cho, Kyunghyun and Van Merri{\"e}nboer, Bart and Bahdanau, Dzmitry and Bengio, Yoshua},
  journal={arXiv preprint arXiv:1409.1259},
  year={2014}
}

@article{schuster1997bidirectional,
  title={Bidirectional recurrent neural networks},
  author={Schuster, Mike and Paliwal, Kuldip K},
  journal={IEEE transactions on Signal Processing},
  volume={45},
  number={11},
  pages={2673--2681},
  year={1997},
  publisher={Ieee}
}

@article{ba2016layer_normalization,
  title={Layer normalization},
  author={Ba, Jimmy Lei and Kiros, Jamie Ryan and Hinton, Geoffrey E},
  journal={arXiv preprint arXiv:1607.06450},
  year={2016}
}

@article{kohonen1982self,
  title={Self-organized formation of topologically correct feature maps},
  author={Kohonen, Teuvo},
  journal={Biological cybernetics},
  volume={43},
  number={1},
  pages={59--69},
  year={1982},
  publisher={Springer}
}

@book{sammut2011encyclopedia,
  title={Encyclopedia of machine learning},
  author={Sammut, Claude and Webb, Geoffrey I},
  year={2011},
  publisher={Springer Science \& Business Media}
}

@article{eickhoff2018topographic,
  title={Topographic organization of the cerebral cortex and brain cartography},
  author={Eickhoff, Simon B and Constable, R Todd and Yeo, BT Thomas},
  journal={Neuroimage},
  volume={170},
  pages={332--347},
  year={2018},
  publisher={Elsevier}
}

@book{finger2000minds,
  title={Minds behind the brain: A history of the pioneers and their discoveries},
  author={Finger, Stanley},
  year={2000},
  publisher={Oxford University Press}
}

@article{knudsen1987computational,
  title={Computational maps in the brain.},
  author={Knudsen, Eric I and du Lac, Sascha and Esterly, Steven D},
  journal={Annual review of neuroscience},
  volume={10},
  pages={41--65},
  year={1987}
}

@article{durbin1990dimension,
  title={A dimension reduction framework for understanding cortical maps},
  author={Durbin, Richard and Mitchison, Graeme},
  journal={Nature},
  volume={343},
  number={6259},
  pages={644--647},
  year={1990},
  publisher={Nature Publishing Group}
}


@article{xi2017capsule,
  title={Capsule network performance on complex data},
  author={Xi, Edgar and Bing, Selina and Jin, Yang},
  journal={arXiv preprint arXiv:1712.03480},
  year={2017}
}

@inproceedings{rajasegaran2019deepcaps,
  title={Deepcaps: Going deeper with capsule networks},
  author={Rajasegaran, Jathushan and Jayasundara, Vinoj and Jayasekara, Sandaru and Jayasekara, Hirunima and Seneviratne, Suranga and Rodrigo, Ranga},
  booktitle={Proceedings of the IEEE/CVF conference on computer vision and pattern recognition},
  pages={10725--10733},
  year={2019}
}

@article{patrick2022capsule,
  title={Capsule networks--a survey},
  author={Patrick, Mensah Kwabena and Adekoya, Adebayo Felix and Mighty, Ayidzoe Abra and Edward, Baagyire Y},
  journal={Journal of King Saud University-computer and information sciences},
  volume={34},
  number={1},
  pages={1295--1310},
  year={2022},
  publisher={Elsevier}
}

@inproceedings{liu2019fsc,
  title={Fsc-capsnet: Fractionally-strided convolutional capsule network for complex data},
  author={Liu, Jian-wei and Gao, Feng and Lu, Run-kun and Lian, Yuan-feng and Wang, Dian-zhong and Luo, Xiong-lin and Wang, Chu-ran},
  booktitle={2019 International Joint Conference on Neural Networks (IJCNN)},
  pages={1--7},
  year={2019},
  organization={IEEE}
}

@inproceedings{liu2019ddrm,
  title={DDRM-CapsNet: capsule network based on deep dynamic routing mechanism for complex data},
  author={Liu, Jian-wei and Gao, Feng and Lu, Run-kun and Lian, Yuan-feng and Wang, Dian-zhong and Luo, Xiong-lin and Wang, Chu-ran},
  booktitle={International Conference on Artificial Neural Networks},
  pages={178--189},
  year={2019},
  organization={Springer}
}

@article{xiang2018ms,
  title={MS-CapsNet: A novel multi-scale capsule network},
  author={Xiang, Canqun and Zhang, Lu and Tang, Yi and Zou, Wenbin and Xu, Chen},
  journal={IEEE Signal Processing Letters},
  volume={25},
  number={12},
  pages={1850--1854},
  year={2018},
  publisher={IEEE}
}

@inproceedings{jaiswal2018capsulegan,
  title={Capsulegan: Generative adversarial capsule network},
  author={Jaiswal, Ayush and AbdAlmageed, Wael and Wu, Yue and Natarajan, Premkumar},
  booktitle={Proceedings of the European conference on computer vision (ECCV) workshops},
  pages={0--0},
  year={2018}
}

@article{zhu2019convolutional,
  title={A convolutional neural network based on a capsule network with strong generalization for bearing fault diagnosis},
  author={Zhu, Zhiyu and Peng, Gaoliang and Chen, Yuanhang and Gao, Huijun},
  journal={Neurocomputing},
  volume={323},
  pages={62--75},
  year={2019},
  publisher={Elsevier}
}

@article{lenssen2018group,
  title={Group equivariant capsule networks},
  author={Lenssen, Jan Eric and Fey, Matthias and Libuschewski, Pascal},
  journal={Advances in neural information processing systems},
  volume={31},
  year={2018}
}

@article{wang2018optimization,
  title={An optimization view on dynamic routing between capsules},
  author={Wang, Dilin and Liu, Qiang},
  year={2018}
}

@inproceedings{luo2020capsnet,
  title={CapsNet based on Encoder and Decoder for Object Detection},
  author={Luo, Man and Wang, Xin and Ma, Hongbin},
  booktitle={2020 IEEE International Conference on Mechatronics and Automation (ICMA)},
  pages={1112--1117},
  year={2020},
  organization={IEEE}
}

@inproceedings{srivastava2018identifying,
  title={Identifying aggression and toxicity in comments using capsule network},
  author={Srivastava, Saurabh and Khurana, Prerna and Tewari, Vartika},
  booktitle={Proceedings of the first workshop on trolling, aggression and cyberbullying (TRAC-2018)},
  pages={98--105},
  year={2018}
}

@article{pande2018analysis,
  title={Analysis of capsule network (Capsnet) architectures and applications},
  author={Pande, Sandeep Dwarkanath and Chetty, Manna Sheela Rani},
  journal={J Adv Res Dynam Control Syst},
  volume={10},
  number={10},
  pages={2765--2771},
  year={2018}
}
@inproceedings{luo2019r,
  title={R-CapsNet: An improvement of capsule network for more complex data},
  author={Luo, Lu and Duan, Shukai and Wang, Lidan},
  booktitle={2019 IEEE Symposium Series on Computational Intelligence (SSCI)},
  pages={2124--2129},
  year={2019},
  organization={IEEE}
}

@inproceedings{shiri2020quick,
  title={Quick-CapsNet (QCN): a fast alternative to capsule networks},
  author={Shiri, Pouya and Sharifi, Ramin and Baniasadi, Amirali},
  booktitle={2020 IEEE/ACS 17th International Conference on Computer Systems and Applications (AICCSA)},
  pages={1--7},
  year={2020},
  organization={IEEE}
}

@article{huang2020capsnet,
  title={DA-CapsNet: dual attention mechanism capsule network},
  author={Huang, Wenkai and Zhou, Fobao},
  journal={Scientific Reports},
  volume={10},
  number={1},
  pages={1--13},
  year={2020},
  publisher={Nature Publishing Group}
}

@inproceedings{manogaran2020capsnet,
  title={CapsNet vs CNN: analysis of the effects of varying feature spatial arrangement},
  author={Manogaran, Ugenteraan and Wong, Ya Ping and Ng, Boon Yian},
  booktitle={Proceedings of SAI Intelligent Systems Conference},
  pages={1--9},
  year={2020},
  organization={Springer}
}

@article{hoogi2019self,
  title={Self-attention capsule networks for object classification},
  author={Hoogi, Assaf and Wilcox, Brian and Gupta, Yachee and Rubin, Daniel L},
  journal={arXiv preprint arXiv:1904.12483},
  year={2019}
}

@inproceedings{dong2019research,
  title={Research on image classification based on capsnet},
  author={Dong, Zhiyong and Lin, Sheng},
  booktitle={2019 IEEE 4th Advanced Information Technology, Electronic and Automation Control Conference (IAEAC)},
  volume={1},
  pages={1023--1026},
  year={2019},
  organization={IEEE}
}

# Kollias

@article{De_Sousa_Ribeiro_Leontidis_Kollias_2020_Capsule_Routing, 
title={Capsule Routing via Variational Bayes}, 
volume={34}, 
url={https://ojs.aaai.org/index.php/AAAI/article/view/5785}, 
DOI={10.1609/aaai.v34i04.5785}, 
number={04}, 
journal={Proceedings of the AAAI Conference on Artificial Intelligence}, 
author={De Sousa Ribeiro, Fabio and Leontidis, Georgios and Kollias, Stefanos}, 
year={2020}, 
month={Apr.},
pages={3749-3756} 
}

@article{de2020introducing,
  title={Introducing routing uncertainty in capsule networks},
  author={De Sousa Ribeiro, Fabio and Leontidis, Georgios and Kollias, Stefanos},
  journal={Advances in Neural Information Processing Systems},
  volume={33},
  pages={6490--6502},
  year={2020}
}

# Self-supervised Hinton

@article{sun2021canonical,
  title={Canonical capsules: Self-supervised capsules in canonical pose},
  author={Sun, Weiwei and Tagliasacchi, Andrea and Deng, Boyang and Sabour, Sara and Yazdani, Soroosh and Hinton, Geoffrey E and Yi, Kwang Moo},
  journal={Advances in Neural Information Processing Systems},
  volume={34},
  pages={24993--25005},
  year={2021}
}

@misc{chen2021systems,
  title={Systems and methods for contrastive learning of visual representations},
  author={Chen, Ting and Kornblith, Simon and Norouzi, Mohammad and Hinton, Geoffrey Everest},
  year={2021},
  month=oct # "~14",
  publisher={Google Patents},
  note={US Patent App. 17/018,372}
}


@InProceedings{pmlr-v139-sabour21a,
  title = 	 {Unsupervised Part Representation by Flow Capsules},
  author =       {Sabour, Sara and Tagliasacchi, Andrea and Yazdani, Soroosh and Hinton, Geoffrey and Fleet, David J},
  booktitle = 	 {Proceedings of the 38th International Conference on Machine Learning},
  pages = 	 {9213--9223},
  year = 	 {2021},
  editor = 	 {Meila, Marina and Zhang, Tong},
  volume = 	 {139},
  series = 	 {Proceedings of Machine Learning Research},
  month = 	 {18--24 Jul},
  publisher =    {PMLR},
  pdf = 	 {http://proceedings.mlr.press/v139/sabour21a/sabour21a.pdf},
  url = 	 {https://proceedings.mlr.press/v139/sabour21a.html},
  abstract = 	 {Capsule networks aim to parse images into a hierarchy of objects, parts and relations. While promising, they remain limited by an inability to learn effective low level part descriptions. To address this issue we propose a way to learn primary capsule encoders that detect atomic parts from a single image. During training we exploit motion as a powerful perceptual cue for part definition, with an expressive decoder for part generation within a layered image model with occlusion. Experiments demonstrate robust part discovery in the presence of multiple objects, cluttered backgrounds, and occlusion. The learned part decoder is shown to infer the underlying shape masks, effectively filling in occluded regions of the detected shapes. We evaluate FlowCapsules on unsupervised part segmentation and unsupervised image classification.}
}

@article{10.1145/3448250,
author = {Bengio, Yoshua and Lecun, Yann and Hinton, Geoffrey},
title = {Deep Learning for AI},
year = {2021},
issue_date = {July 2021},
publisher = {Association for Computing Machinery},
address = {New York, NY, USA},
volume = {64},
number = {7},
issn = {0001-0782},
url = {https://doi.org/10.1145/3448250},
doi = {10.1145/3448250},
abstract = {How can neural networks learn the rich internal representations required for difficult tasks such as recognizing objects or understanding language?},
journal = {Commun. ACM},
month = {jun},
pages = {58–65},
numpages = {8}
}

@inproceedings{chen2020simple,
  title={A simple framework for contrastive learning of visual representations},
  author={Chen, Ting and Kornblith, Simon and Norouzi, Mohammad and Hinton, Geoffrey},
  booktitle={International conference on machine learning},
  pages={1597--1607},
  year={2020},
  organization={PMLR}
}

# transformers on images


@inproceedings{carion2020end,
  title={End-to-end object detection with transformers},
  author={Carion, Nicolas and Massa, Francisco and Synnaeve, Gabriel and Usunier, Nicolas and Kirillov, Alexander and Zagoruyko, Sergey},
  booktitle={European conference on computer vision},
  pages={213--229},
  year={2020},
  organization={Springer}
}

@inproceedings{lecun2004learning,
  title={Learning methods for generic object recognition with invariance to pose and lighting},
  author={LeCun, Yann and Huang, Fu Jie and Bottou, Leon},
  booktitle={Proceedings of the 2004 IEEE Computer Society Conference on Computer Vision and Pattern Recognition, 2004. CVPR 2004.},
  volume={2},
  pages={II--104},
  year={2004},
  organization={IEEE}
}

@inproceedings{hinton2011transforming,
  title={Transforming auto-encoders},
  author={Hinton, Geoffrey E and Krizhevsky, Alex and Wang, Sida D},
  booktitle={International conference on artificial neural networks},
  pages={44--51},
  year={2011},
  organization={Springer}
}

@article{lecun1998gradientMNIST,
  title={Gradient-based learning applied to document recognition},
  author={LeCun, Yann and Bottou, L{\'e}on and Bengio, Yoshua and Haffner, Patrick},
  journal={Proceedings of the IEEE},
  volume={86},
  number={11},
  pages={2278--2324},
  year={1998},
  publisher={Ieee}
}

@article{goodfellow2014explaining,
  title={Explaining and harnessing adversarial examples},
  author={Goodfellow, Ian J and Shlens, Jonathon and Szegedy, Christian},
  journal={arXiv preprint arXiv:1412.6572},
  year={2014}
}

@inproceedings{cohen2016group,
  title={Group equivariant convolutional networks},
  author={Cohen, Taco and Welling, Max},
  booktitle={International conference on machine learning},
  pages={2990--2999},
  year={2016},
  organization={PMLR}
}


@article{im2016generative,
  title={Generative adversarial metric},
  author={Im, Daniel Jiwoong and Kim, Chris Dongjoo and Jiang, Hui and Memisevic, Roland},
  year={2016}
}

@article{mazzia2021efficient,
  title={Efficient-capsnet: Capsule network with self-attention routing},
  author={Mazzia, Vittorio and Salvetti, Francesco and Chiaberge, Marcello},
  journal={Scientific reports},
  volume={11},
  number={1},
  pages={1--13},
  year={2021},
  publisher={Nature Publishing Group}
}


@inproceedings{niemeyer2021giraffe,
  title={Giraffe: Representing scenes as compositional generative neural feature fields},
  author={Niemeyer, Michael and Geiger, Andreas},
  booktitle={Proceedings of the IEEE/CVF Conference on Computer Vision and Pattern Recognition},
  pages={11453--11464},
  year={2021}
}

@inproceedings{mildenhall2020nerf,
  title={Nerf: Representing scenes as neural radiance fields for view synthesis},
  author={Mildenhall, Ben and Srinivasan, Pratul P and Tancik, Matthew and Barron, Jonathan T and Ramamoorthi, Ravi and Ng, Ren},
  booktitle={European conference on computer vision},
  pages={405--421},
  year={2020},
  organization={Springer}
}

@inproceedings{gritzman2019avoiding,
  title={Avoiding Implementation Pitfalls of “Matrix Capsules with EM Routing” by Hinton et al.},
  author={Gritzman, Ashley Daniel},
  booktitle={International Workshop on Human Brain and Artificial Intelligence},
  pages={224--234},
  year={2019},
  organization={Springer}
}

@article{deng2012mnist,
  title={The mnist database of handwritten digit images for machine learning research},
  author={Deng, Li},
  journal={IEEE Signal Processing Magazine},
  volume={29},
  number={6},
  pages={141--142},
  year={2012},
  publisher={IEEE}
} 

@article{Xiao2017FashionMNISTAN,
  title={Fashion-MNIST: a Novel Image Dataset for Benchmarking Machine Learning Algorithms},
  author={Han Xiao and Kashif Rasul and Roland Vollgraf},
  journal={ArXiv},
  year={2017},
  volume={abs/1708.07747}
}

@article{CIFAR10,
title= {CIFAR-10 (Canadian Institute for Advanced Research)},
journal= {},
author= {Alex Krizhevsky and Vinod Nair and Geoffrey Hinton},
year= {},
url= {http://www.cs.toronto.edu/~kriz/cifar.html},
abstract= {The CIFAR-10 dataset consists of 60000 32x32 colour images in 10 classes, with 6000 images per class. There are 50000 training images and 10000 test images. 

The dataset is divided into five training batches and one test batch, each with 10000 images. The test batch contains exactly 1000 randomly-selected images from each class. The training batches contain the remaining images in random order, but some training batches may contain more images from one class than another. Between them, the training batches contain exactly 5000 images from each class. },
keywords= {Dataset},
terms= {}
}

@article{an2020ensemble,
  title={An ensemble of simple convolutional neural network models for mnist digit recognition},
  author={An, Sanghyeon and Lee, Minjun and Park, Sanglee and Yang, Heerin and So, Jungmin},
  journal={arXiv preprint arXiv:2008.10400},
  year={2020}
}

@inproceedings{tanveer2021fine,
  title={Fine-tuning darts for image classification},
  author={Tanveer, Muhammad Suhaib and Khan, Muhammad Umar Karim and Kyung, Chong-Min},
  booktitle={2020 25th International Conference on Pattern Recognition (ICPR)},
  pages={4789--4796},
  year={2021},
  organization={IEEE}
}

@article{heinsen2019algorithm,
  title={An algorithm for routing capsules in all domains},
  author={Heinsen, Franz A},
  journal={arXiv preprint arXiv:1911.00792},
  year={2019}
}

 @misc{anadiotis_2022, 
 title={Andrew Ng predicts the next 10 years in ai}, 
 url={https://venturebeat.com/ai/andrew-ng-predicts-the-next-10-years-in-ai/}, 
 journal={VentureBeat}, 
 publisher={VentureBeat}, 
 author={Anadiotis, George}, 
 year={2022}, 
 month={Mar}} 